@misc{labside,
author	    = {T. Nesse and V. {Risingg√•rd, Institutt for fysikk, NTNU}},
title				= {{NTNU Fysikklab}},
note				= {(sjekket 13.09.2016)},
url					= {http://home.phys.ntnu.no/brukdef/undervisning/fyslab/rapport.html},
language    = {norsk},
}

@book{Young2016,
author      = {H. D. Young and R. A. Freedman},
title       = {University Physics},
edition     = {14.},
year        = {2016},
publisher   = {Pearson Education},
language    = {norsk},
}