@misc{labside,
author	    = {T. Nesse and V. {Risinggård, Institutt for fysikk, NTNU}},
title				= {{NTNU Fysikklab}},
note				= {(sjekket 13.09.2016)},
url					= {http://home.phys.ntnu.no/brukdef/undervisning/fyslab/rapport.html},
language    = {norsk},
}

@book{Young2016,
author      = {H. D. Young and R. A. Freedman},
title       = {University Physics},
edition     = {14.},
year        = {2016},
publisher   = {Pearson Education},
language    = {norsk},
}

@book{Euler,
author      ={L. Euler},
title       ={Institutionum calculi integralis, Volum 1},
edition     ={1},
year        ={1768},
publisher   ={Impensis Academiae Imperialis Scientiarum},
language    ={latin},
}



@misc{friksjonskoeffisienter,
author      ={Wikipedia Foundation, Inc},
title       ={Rolling Resistance},
howpublished ={\url{https://en.wikipedia.org/wiki/Rolling_resistance}},
note        = {Accessed : 19.10.2017}
}



@misc{Tracker,
author      ={D. Brown},
title       ={Tracker},
howpublished ={\url{http://physlets.org/tracker/}},
note        = {Accessed : 31.08.2017}
}


@misc{Usikkerhet,
author	    = {M. B. Lilledahl and V. {Risinggård, Institutt for fysikk, NTNU}},
title				= {{Målinger og usikkerhet}},
note				= {(sjekket 26.10.2017)},
url					= {http://home.phys.ntnu.no/brukdef/undervisning/fyslab/files/usikkerhet.pdf},
language    = {norsk},
}